@article{dawg,
    author =    "Reed A. Cartwright",
    title =     "DNA Assembly With Gaps (Dawg): Simulating Sequence Evolution.",
    journal =   "Journal Bioinformatics",
    volume =    "21",
    pages =     "31--38",
    year =      "2005",
    DOI =       "10.1093/bioinformatics/bti1200"

}
    Cartwright, R.A. (2005) DNA Assembly With Gaps (Dawg): Simulating Sequence
    Evolution.  Bioinformatics 21 (Suppl. 3): iii31-iii38)
